@incollection{shaw1998using,
  title={Using constraint programming and local search methods to solve vehicle routing problems},
  author={Shaw, Paul},
  booktitle={Principles and Practice of Constraint Programmingâ€”CP98},
  pages={417--431},
  year={1998},
  publisher={Springer}
}
