@incollection{shaw1998using,
  title={Using constraint programming and local search methods to solve vehicle routing problems},
  author={Shaw, Paul},
  booktitle={Principles and Practice of Constraint Programmingâ€”CP98},
  pages={417--431},
  year={1998},
  publisher={Springer}
}


@article{lopez2011irace,
  title={The irace package, iterated race for automatic algorithm configuration},
  author={L{\'o}pez-Ib{\'a}nez, Manuel and Dubois-Lacoste, J{\'e}r{\'e}mie and St{\"u}tzle, Thomas and Birattari, Mauro},
  year={2011},
  publisher={Citeseer}
}

